<?xml version="1.0" encoding="UTF-8"?><collection xmlns="http://www.loc.gov/MARC21/slim"><record><leader>00526nam--2200181-u-4500</leader><controlfield tag="001">000052535</controlfield><controlfield tag="002">20161230</controlfield><controlfield tag="005">20161230201050</controlfield><controlfield tag="008">100903s1000------------r-----000-0-rus-d</controlfield><datafield ind1=" " ind2=" " tag="040"><subfield code="a">IFIN-HH</subfield></datafield><datafield ind1=" " ind2=" " tag="041"><subfield code="a">rus</subfield></datafield><datafield ind1=" " ind2=" " tag="080"><subfield code="a">536.24(047.3)</subfield></datafield><datafield ind1="1" ind2=" " tag="100"><subfield code="a">Tehver, Ia.H</subfield></datafield><datafield ind1="1" ind2="0" tag="245"><subfield code="a">Zakilanie jidkosti na poristoi poverhiosti i listerezis teplootdaci</subfield><subfield code="c">Ia.H. Tehver, H.N. Sui, V.S. Tenkina</subfield></datafield><datafield ind1=" " ind2=" " tag="260"><subfield code="a">Tallin</subfield><subfield code="b">Akademia nauk estonskoi SSR</subfield><subfield code="c">1989</subfield></datafield><datafield ind1="1" ind2=" " tag="700"><subfield code="a">Tenkina, V.S</subfield></datafield><datafield ind1=" " ind2=" " tag="852"><subfield code="a">79234</subfield><subfield code="c">532</subfield></datafield><datafield ind1=" " ind2=" " tag="CAT"><subfield code="a">Sys</subfield><subfield code="c">20100903</subfield><subfield code="h">091600</subfield></datafield></record></collection>